<record xmlns:xsi="http://www.w3.org/2001/XMLSchema-instance" xmlns="http://www.loc.gov/MARC21/slim" xsi:schemaLocation="http://www.loc.gov/MARC21/slim http://www.loc.gov/standards/marcxml/schema/MARC21slim.xsd">

  <leader>00830nam a2200193   4500</leader>
  <controlfield tag="008">161018b2014    CR ||||| |||| 00| | spa d</controlfield>
  <datafield ind1=" " tag="090" ind2=" ">
    <subfield code="a">13.01.02 </subfield>
    <subfield code="b">2237 </subfield>
  </datafield>
  <datafield tag="100" ind1="1" ind2=" ">
    <subfield code="9">1438</subfield>
    <subfield code="a">Díaz Madrigal, María</subfield>
  </datafield>
  <datafield ind2="3" tag="245" ind1="1">
    <subfield code="a">El fenómeno de los call centers como oferta laboral para la población joven. Implicaciones en el desarrollo académico y profesional /</subfield>
    <subfield code="c"> María Díaz Madrigal, Mariana Artavia Solano, Jimena Gutiérrez Morales</subfield>
  </datafield>
  <datafield ind2=" " ind1=" " tag="260">
    <subfield code="a">[San José, Costa Rica] : </subfield>
    <subfield code="b">INIE, </subfield>
    <subfield code="c">2014. </subfield>
  </datafield>
  <datafield ind2=" " ind1=" " tag="300">
    <subfield code="a">67 páginas; </subfield>
    <subfield code="b">ilustraciones</subfield>
  </datafield>
  <datafield ind1=" " tag="500" ind2=" ">
    <subfield code="a">Informe final Proyecto de investigación No.724-B0-332</subfield>
  </datafield>
  <datafield ind2="4" ind1="1" tag="650">
    <subfield code="9">571</subfield>
    <subfield code="a">MERCADO DE TRABAJO</subfield>
  </datafield>
  <datafield tag="650" ind1="1" ind2="4">
    <subfield code="9">2091</subfield>
    <subfield code="a">EDUCACIÓN Y EMPLEO</subfield>
  </datafield>
  <datafield tag="650" ind1="1" ind2="4">
    <subfield code="9">2092</subfield>
    <subfield code="a">TRABAJADORES JÓVENES</subfield>
  </datafield>
  <datafield tag="700" ind1="1" ind2=" ">
    <subfield code="9">2093</subfield>
    <subfield code="a">Artavia Solano, Mariana</subfield>
  </datafield>
  <datafield ind1="1" tag="700" ind2=" ">
    <subfield code="9">2094</subfield>
    <subfield code="a">Gutiérrez Morales, Jimena</subfield>
  </datafield>
  <datafield tag="942" ind1=" " ind2=" ">
    <subfield code="2">z</subfield>
    <subfield code="c">04</subfield>
  </datafield>
  <datafield tag="999" ind1=" " ind2=" ">
    <subfield code="c">3345</subfield>
    <subfield code="d">3345</subfield>
  </datafield>
</record>